@article{cuestadetecting,
  title={Detecting Russian Troll Tweets from the 2016 US},
  author={Cuesta, Javier Echevarr{\'\i}a}
}

@inproceedings{seah2015troll,
  title={Troll detection by domain-adapting sentiment analysis},
  author={Seah, Chun Wei and Chieu, Hai Leong and Chai, Kian Ming A and Teow, Loo-Nin and Yeong, Lee Wei},
  booktitle={Information Fusion (Fusion), 2015 18th International Conference on},
  pages={792--799},
  year={2015},
  organization={IEEE}
}

@inproceedings{john1995estimating,
  title={Estimating continuous distributions in Bayesian classifiers},
  author={John, George H and Langley, Pat},
  booktitle={Proceedings of the Eleventh conference on Uncertainty in artificial intelligence},
  pages={338--345},
  year={1995},
  organization={Morgan Kaufmann Publishers Inc.}
}

@article{boatwrighttroll,
  title={Troll Factories: The Internet Research Agency and State-Sponsored Agenda Building},
  author={Boatwright, Brandon C and Linvill, Darren L and Warren, Patrick L}
}